<record><leader>00000cas a2200000 a 4500</leader><controlfield tag="001">28446734</controlfield><controlfield tag="008">930714d19301976oruwr ne      0    0eng c</controlfield><datafield ind1=" " ind2=" " tag="010"><subfield code="a">sn 99063875 </subfield></datafield><datafield ind1=" " ind2=" " tag="040"><subfield code="a">ORY</subfield><subfield code="b">eng</subfield><subfield code="c">ORY</subfield><subfield code="d">OCN</subfield><subfield code="d">ORU</subfield><subfield code="d">OCLCQ</subfield><subfield code="d">OCLCF</subfield><subfield code="d">OCLCO</subfield></datafield><datafield ind1="1" ind2=" " tag="029"><subfield code="a">AU@</subfield><subfield code="b">000026354438</subfield></datafield><datafield ind1=" " ind2=" " tag="042"><subfield code="a">pcc</subfield></datafield><datafield ind1=" " ind2=" " tag="043"><subfield code="a">n-us-or</subfield></datafield><datafield ind1="0" ind2="0" tag="245"><subfield code="a">Silverton appeal-tribune.</subfield></datafield><datafield ind1="1" ind2="7" tag="246"><subfield code="a">Appeal tribune</subfield></datafield><datafield ind1=" " ind2=" " tag="260"><subfield code="a">Silverton, Or. :</subfield><subfield code="b">J.T. Hoblit,</subfield><subfield code="c">1930-1976.</subfield></datafield><datafield ind1=" " ind2=" " tag="300"><subfield code="a">v.</subfield></datafield><datafield ind1=" " ind2=" " tag="310"><subfield code="a">Weekly</subfield></datafield><datafield ind1="0" ind2=" " tag="362"><subfield code="a">Vol. 51, no. 17 (Aug. 8, 1930)-96th yr., no. 40 (Sept. 31, 1976).</subfield></datafield><datafield ind1=" " ind2=" " tag="530"><subfield code="a">Also issued on microfilm from University of Oregon.</subfield></datafield><datafield ind1=" " ind2=" " tag="580"><subfield code="a">Merger of: Silverton appeal (Silverton, Or.), and: Silverton tribune.</subfield></datafield><datafield ind1=" " ind2=" " tag="580"><subfield code="a">Merged with: Mt. Angel news, to form: Silverton appeal-tribune and Mt. Angel news.</subfield></datafield><datafield ind1=" " ind2="0" tag="651"><subfield code="a">Silverton (Or.)</subfield><subfield code="v">Newspapers.</subfield></datafield><datafield ind1=" " ind2="0" tag="651"><subfield code="a">Mount Angel (Or.)</subfield><subfield code="v">Newspapers.</subfield></datafield><datafield ind1=" " ind2="7" tag="655"><subfield code="a">Newspapers.</subfield><subfield code="2">fast</subfield><subfield code="0">(OCoLC)fst01423814</subfield></datafield><datafield ind1=" " ind2="7" tag="651"><subfield code="a">Oregon</subfield><subfield code="z">Mount Angel.</subfield><subfield code="2">fast</subfield><subfield code="0">(OCoLC)fst01207825</subfield></datafield><datafield ind1=" " ind2="7" tag="651"><subfield code="a">Oregon</subfield><subfield code="z">Silverton.</subfield><subfield code="2">fast</subfield><subfield code="0">(OCoLC)fst01221456</subfield></datafield><datafield ind1=" " ind2=" " tag="752"><subfield code="a">United States</subfield><subfield code="b">Oregon</subfield><subfield code="c">Marion</subfield><subfield code="d">Silverton.</subfield></datafield><datafield ind1="1" ind2="4" tag="780"><subfield code="t">Silverton appeal (Silverton, Or.)</subfield><subfield code="w">(DLC)sn 99063874</subfield><subfield code="w">(OCoLC)42844289</subfield></datafield><datafield ind1="1" ind2="4" tag="780"><subfield code="t">Silverton tribune</subfield><subfield code="w">(DLC)sn 99063872</subfield><subfield code="w">(OCoLC)42844340</subfield></datafield><datafield ind1="1" ind2="7" tag="785"><subfield code="t">Mt. Angel news</subfield><subfield code="w">(DLC)sn 99063871</subfield><subfield code="w">(OCoLC)42844422</subfield></datafield><datafield ind1="1" ind2="7" tag="785"><subfield code="t">Silverton appeal-tribune and Mt. Angel news</subfield><subfield code="w">(DLC)sn 99063876</subfield><subfield code="w">(OCoLC)42844502</subfield></datafield></record>